@article{porter1980algorithm,
  title={An algorithm for suffix stripping},
  author={Porter, Martin F},
  journal={Program: electronic library and information systems},
  volume={14},
  number={3},
  pages={130--137},
  year={1980},
  publisher={MCB UP Ltd}
}

@article{cavnar1994n,
  title={N-gram-based text categorization},
  author={Cavnar, William B and Trenkle, John M and others},
  journal={Ann Arbor MI},
  volume={48113},
  number={2},
  pages={161--175},
  year={1994},
  publisher={Citeseer}
}

@misc{golang,
  title={Go},
  author={Google Inc.},
  howpublished = "\url{http://golang.org/}",
  year={2014},
  note = "[Online; accessed 19-July-2008]"
}